<?xml version="1.0" encoding="UTF-8"?><record xmlns="http://www.loc.gov/MARC21/slim" xmlns:cinclude="http://apache.org/cocoon/include/1.0" xmlns:zs="http://www.loc.gov/zing/srw/">
  <leader>00579cz  a2200133n  4500</leader>
  <controlfield tag="001">n  98023794 </controlfield>
  <controlfield tag="003">DLC</controlfield>
  <controlfield tag="005">19980312112310.1</controlfield>
  <controlfield tag="008">980312n| acannaab|          |a ana |||  </controlfield>
  <datafield tag="010" ind1=" " ind2=" ">
    <subfield code="a">n  98023794 </subfield>
  </datafield>
  <datafield tag="040" ind1=" " ind2=" ">
    <subfield code="a">DLC</subfield>
    <subfield code="c">DLC</subfield>
    <subfield code="d">DLC</subfield>
  </datafield>
  <datafield tag="110" ind1="1" ind2="0">
    <subfield code="a">Michigan.</subfield>
    <subfield code="b">Transportation Planning Services Division</subfield>
  </datafield>
  <datafield tag="410" ind1="1" ind2="0">
    <subfield code="a">Michigan.</subfield>
    <subfield code="b">Bureau of Transportation Planning.</subfield>
    <subfield code="b">Transportation Planning Services Division</subfield>
  </datafield>
  <datafield tag="670" ind1=" " ind2=" ">
    <subfield code="a">Roadway physical reference number atlas, 1996:</subfield>
    <subfield code="b">prelim. p. [1] (Michigan Department of Transportation, Bureau of Transportation Planning, Transportation Planning Services Division)</subfield>
  </datafield>
</record>